<?xml version="1.0" encoding="UTF-8"?><collection xmlns="http://www.loc.gov/MARC21/slim"><record><leader>00367nam--2200133-i-4500</leader><controlfield tag="001">000000213</controlfield><controlfield tag="002">20161230</controlfield><controlfield tag="005">20161230201023</controlfield><controlfield tag="008">060222s1000------------r-----000-0-eng-d</controlfield><datafield ind1=" " ind2=" " tag="080"><subfield code="a">681.14.01</subfield></datafield><datafield ind1=" " ind2=" " tag="100"><subfield code="a">Froese, Charlotte</subfield></datafield><datafield ind1=" " ind2=" " tag="245"><subfield code="a">Introduction to programming the ibm 1620</subfield></datafield><datafield ind1=" " ind2=" " tag="260"><subfield code="a">London, Addison-wesley Publishing Company, Incorporation. 72 P</subfield></datafield><datafield ind1=" " ind2=" " tag="852"><subfield code="a">25020</subfield></datafield></record></collection>